2770 4650
257 245 344 340 488*
546 237 928 310 nrorouruat
971 234 1010 310 A'

254 422 338 489 coelo
364 425 400 490 in
421 441 533 490 rerum
555 425 753 490 terrestrium
775 411 953 512 dispectum
979 422 1060 488 duce
1084 432 1179 512 poeta
1206 427 1299 490 veni-

173 528 177 539 *
254 561 323 615 rmt.
364 549 436 615 Nec
447 561 555 614 tamen
568 570 607 613 eo
619 548 749 614 consilio
764 537 968 636 praemissum
980 546 1303 644 huucloctrmputem,

254 673 310 762 qui
325 686 471 760 quartam
486 677 637 738 carminis
654 677 737 738 inter
749 670 919 740 Pindarica
937 674 1069 759 majoris
1090 682 1214 758 partem
1230 690 1303 734 con·

255 803 365 868 stituit.
412 797 528 866 Libere
547 803 613 886 agit
630 821 722 864 more
742 819 800 864 suo
817 779 911 886 poeta
930 799 1188 886 sapientissimus,
1208 815 1303 880 quem

252 943 323 988 non
346 927 390 988 ita
411 927 630 1010 mancipatum
657 915 772 986 officio
786 912 963 988 laudatorio
983 921 1088 1016 vides,
1116 923 1208 984 utin
1234 917 1302 982 solis

252 1035 348 1132 liujus
388 1045 536 1112 curriculi
566 1045 753 1112 ‘carceribus
786 1045 948 1134 decurrat,
990 1043 1157 1134 repudiata
1194 1047 1301 1130 quavis

251 1169 314 1234 alia
335 1173 390 1238 via
410 1183 441 1236 et
461 1175 593 1238 ratione.
643 1169 812 1236 Postremo
834 1169 962 1235 eiurare
983 1167 1164 1256 Apollineae
1185 1166 1302 1232 allocu-

252 1299 376 1390 tionem
394 1315 493 1380 quare
504 1297 595 1360 initio
616 1301 766 1384 posuerit,
788 1297 854 1380 ejus
876 1299 923 1358 rei
938 1299 1139 1358 occasionem
1155 1288 1300 1402 probabi-

172 1493 174 1505 p
251 1416 325 1484 liter
350 1429 508 1482 monstrat
534 1415 713 1482 scholiastes
733 1420 965 1504 inscriptionis:
998 1409 1206 1498 olusatrum,
1232 1417 1301 1481 Hv-

236 1522 336 1610 mov
365 1534 462 1617 ὄντος
483 1537 543 1606 τοῦ
568 1533 707 1625 ἀγῶνος,
729 1537 789 1608 τὸν
818 1535 1014 1632 προστάτην
1047 1536 1130 1608 ὄντα
1158 1529 1301 1626 luvana

250 1661 405 1734 Similiter
427 1661 469 1728 de
482 1662 602 1730 ultimis
619 1655 842 1730 Thierschlutl.

342 1789 520 1882 Χρυσέια
542 1783 739 1880 φόρμιγξ.
781 1788 899 1852 Aurea
920 1781 1081 1874 Apollinis
1101 1785 1240 1873 cithara,
1270 1799 1302 1850 ut

252 1911 315 1980 alia
334 1914 483 2002 Deorum
502 1933 590 1999 vasa,
613 1911 685 1977 coll.
706 1911 762 1978 01.
782 1913 847 2000 VI,
873 1917 944 1978 178.
985 1906 1083 1999 XIV,
1108 1916 1158 1979 15.
1210 1909 1303 1998 Pytb.

251 2033 300 2124 V,
325 2037 373 2103 10.
413 2037 514 2107 Nem.
534 2037 562 2124 I,
585 2041 634 2104 58.
677 2035 741 2124 VI,
764 2044 815 2106 62.
865 2035 938 2132 Alia
959 2037 1100 2136 ahenea,
1135 2039 1302 2126 ipsumque
1363 2083 1364 2094 i

252 2159 383 2228 corium.
435 2158 533 2248 Pyth.
553 2160 599 2248 X,
620 2161 673 2230 42.
724 2163 824 2228 Nem.
844 2161 909 2251 VI,
931 2169 961 2229 6.
1011 2161 1055 2252 X,
1080 2171 1151 2233 170.
1195 2165 1302 2232 Isthm.

250 2277 334 2374 vn,
355 2283 406 2354 88.
449 2283 559 2352 Prona
580 2283 770 2352 discriminis
790 2290 882 2354 ratio»
932 2259 1116 2356 scholiastae
1142 2311 1178 2358 v.
1214 2291 1243 2356 1.
1264 2303 1304 2355 en

247 2413 376 2500 χρυσέα
405 2433 467 2498 pro
494 2411 634 2500 τιμία,
677 2409 824 2478 Biiclrhio
851 2435 935 2476 auro
965 2413 1126 2500 dignitato
1152 2435 1231 2499 pur.
1266 2449 1304 2468 κ-

244 2518 512 2614 Ἀπόλλωνος
547 2537 619 2603 καὶ
649 2537 836 2616 ΙΜοισᾶν
870 2537 1065 2605 κτέανον.
1128 2531 1220 2604 Eanl
1249 2561 1301 2609 vv.

179 2645 181 2652 ¹
249 2673 444 2730 structuram
466 2667 562 2730 suasit
580 2667 647 2750 jam
668 2662 765 2730 schol.
786 2687 821 2732 v.
843 2672 881 2732 3:
912 2665 948 2732 K
954 2667 996 2732 nl
1018 2663 1079 2732 τοῦ
1095 2657 1300 2742 ’Λπόλλωνος

248 2781 362 2876 κτῆμα
383 2791 452 2856 καὶ
481 2787 547 2854 τῶν
568 2783 876 2875 μελανοπλοκάμων
897 2789 1049 2857 Μουσῶν
1076 2775 1229 2882 συνῳδὸν
1248 2791 1301 2856 aui

251 2905 450 3002 σι’νντροπον.
491 2911 868 3004 ReceperuntHeynius,
881 2911 1099 3008 Henuannus,
1115 2915 1180 2982 alii.
1224 2913 1299 2979 Jam
1360 2925 1361 3013 t

249 3029 379 3100 citharae
405 3039 591 3101 communio
613 3057 652 3101 eo
682 3014 818 3125 constat,
846 3038 934 3124 quod
954 3059 1028 3104 eam
1048 3038 1152 3126 pulsat
1171 3039 1300 3130 Apollo,

248 3155 354 3254 Musae
376 3169 524 3226 canentes
546 3155 593 3244 (5.
616 3159 686 3246 26.)
707 3159 821 3226 choros
843 3181 915 3227 suos
930 3185 997 3229 non
1010 3177 1118 3252 agtmt,
1139 3166 1298 3252 nis‘iprae-

248 3283 447 3349 euntibuset
468 3281 705 3352 concinentibus
726 3287 884 3376 Apollinis
912 3287 1027 3356 fidibus
1048 3289 1171 3375 (schol.
1193 3315 1228 3361 v.
1249 3289 1297 3378 8),
1358 3295 1359 3334 ³

245 3397 321 3470 hinc
342 3407 416 3472 dicti
429 3411 648 3494 Μοισαγέτου
668 3409 800 3498 Fragm.
810 3415 874 3480 inc.
888 3411 983 3501 LXV
995 3414 1133 3504 (Heyne
1145 3415 1209 3506 111,
1232 3421 1297 3484 115.

245 3519 608 3620 Btckh.11,a,604).
650 3533 735 3627 Quae
756 3541 858 3622 prisca
872 3539 956 3603 inter
969 3537 1155 3626 Apollinem
1167 3543 1295 3608 Musas·
1357 3539 1358 3612 l

245 3669 307 3738 que
329 3659 410 3718 ratio
433 3656 591 3740 (Miilleri
613 3659 760 3748 Prolegg.
782 3675 820 3724 zu
841 3667 930 3728 einer
950 3665 1133 3731 wissensch.
1154 3667 1294 3754 Mythol.

242 3797 276 3861 p.
288 3777 367 3860 425)
389 3801 408 3842 a
429 3779 550 3846 Nostro
572 3783 646 3847 alibi
667 3805 797 3872 quoque
817 3785 905 3869 (coll.
926 3787 1057 3873 indico.)
1079 3803 1221 3882 tenetur,
1242 3795 1291 3856 cui

243 3893 348 3964 Musa
370 3923 439 3978 non·
457 3903 595 3989 psaltria*
607 3919 690 3994 sunt,
711 3897 989 3978 sed'cantatrices.
1031 3911 1191 3982 Videatur
1211 3937 1293 4003 quo-

242 4044 305 4110 que
334 4021 500 4113 Euripides
528 4025 616 4092 Jone
647 4033 717 4096 880.
739 4029 873 4100 Maon:
898 4020 944 4102 Ὦ
965 4037 1026 4116 τοῖς
1048 4033 1291 4128 ἑπταφθόγγου

243 4143 377 4236 μέλπων
398 4143 549 4236 κιθάρας
570 4147 695 4220 ἐνοπάν
713 4152 879 4244 (Apollo),
901 4149 961 4226 ἅτ’
984 4155 1173 4252 ἀγραύλους
1193 4165 1289 4232 Μου-
1353 4211 1355 4266 ,

1142 4605 1149 4614 ,
