2688 4646
168 197 173 206 '
253 231 304 334 3⁶1
500 216 978 302 otrunrorrsrr
1029 229 1115 300 r

250 379 392 485 fieidium
409 413 450 477 ad
463 380 556 477 istum
569 409 720 498 Aeschyli
730 411 856 506 losum.
877 449 921 468 -
961 411 1086 492 Deinde
1100 419 1197 506 jtmge
1213 413 1304 490 ἕπά.

250 565 311 630 ytt-
331 579 374 594 -
393 537 514 604 Totum
530 533 637 598 locum
651 531 809 599 Btckhtus
820 539 861 598 itn
876 537 1039 624 intelligit:
1060 539 1227 624 „Parem
1242 567 1305 607 re·

239 663 337 754 serre
351 663 448 727 eriam
466 659 665 736 damnumst
678 655 839 723 Cadmidis
854 658 928 726 inde
950 661 1082 748 eLai03
1104 665 1159 732 sed
1183 665 1217 729 id
1239 671 1301 752 ip-

250 811 322 855 sum
336 809 402 852 esse
424 775 793 870 παλιντράπελον
807 776 896 874 ἄλλῳ
915 779 1036 876 χρόνῳ,
1058 783 1125 848 ulio
1149 797 1301 870 tempore

248 908 395 978 recedere
419 921 451 972 et
477 903 640 993 refigere,
668 925 785 990 nempe
799 929 802 940 ·
816 903 891 970 iude
911 929 931 971 a
952 905 1175 974 Thersandro:
1216 921 1294 973 tum

249 1031 284 1115 ἒξ
296 1022 314 1100 d
327 1033 463 1120 pertinet
478 1027 518 1092 ed
532 1031 718 1118 primariam
730 1038 918 1101 sententiam
930 1033 1049 1119 Μοῖρά
1064 1025 1148 1117 πῆμ’
1164 1025 1298 1116 ἐπάγει,

246 1177 313 1222 non
329 1151 370 1222 ad
384 1149 647 1244 παλιντράπελον
660 1153 748 1249 ἄλλῳ
757 1152 900 1249 χρόνῳ.“
942 1155 1025 1220 Mihi
1040 1177 1129 1220 secus
1148 1153 1296 1220 videtur.

245 1279 343 1346 Recte
365 1279 492 1366 quidem
514 1268 670 1367 colligitur
690 1271 731 1345 ex
750 1255 886 1348 am.-
905 1275 1017 1348 τάνδ’
1040 1316 1084 1332 -
1101 1265 1183 1360 άξά
1203 1303 1295 1365 περ,

144 1375 146 1380 ¹
227 1406 434 1466 ¹sententia
448 1397 554 1466 relicto
568 1403 609 1466 ad
624 1409 884 1471 narrationem
903 1407 1035 1484 reverti3
1057 1423 1160 1490 neque
1179 1417 1295 1472 temen

147 1507 151 1532 ’
243 1533 403 1594 sententie
416 1551 489 1595 usus
511 1527 606 1618 plane
615 1528 756 1595 exclusus
770 1541 825 1617 est,
846 1526 888 1592 ob
903 1525 1038 1596 verbum
1050 1523 1176 1613 ἐπάγει,
1200 1528 1292 1614 quod

242 1673 308 1718 non
317 1665 438 1718 tautum
449 1657 610 1740 prementis
621 1651 770 1740 historici,
790 1649 954 1716 sedetiam
970 1644 1133 1736 praesentis
1147 1631 1295 1740 vulgaris

242 1739 312 1842 vic'e
322 1746 412 1862 ¹fungi
428 1775 506 1840 mihi
519 1797 702 1861 persuasum
717 1787 777 1840 est.
819 1771 1016 1839 Sententiam
1031 1773 1148 1838 Noster
1162 1778 1295 1838 miscuit

240 1919 314 1962 cum
335 1905 530 1964 narratione.
579 1897 705 1964 Deinde
722 1874 985 1984 πάλιντράπελον
1005 1899 1107 1982 jrmgit
1126 1895 1295 1963 Btckhtus

241 2031 315 2084 cum
335 2014 422 2114 ἄλλῳ
436 2017 559 2112 χρόνῳ.
603 2019 642 2083 Id
659 2026 768 2106 ‘ipsum
789 2024 953 2086 contextui
967 2020 1204 2106 verborumque
1223 2041 1292 2084 na-

201 2235 205 2242 ‚
237 2126 515 2242 tivae'siritpliciteti
529 2145 730 2212 adversatur.
773 2143 843 2207 Nec
858 2149 946 2208 enim
958 2166 1063 2210 sermo
1080 2159 1126 2209 est
1139 2149 1290 2232 primum

239 2267 278 2332 de
293 2267 447 2358 felicitate,
467 2281 537 2332 tum
557 2257 597 2332 de
617 2268 800 2355 insuetudo,
822 2267 958 2353 denique
980 2268 1019 2355 de
1039 2269 1214 2334 infortunio
1227 2293 1289 2334 re-

236 2391 375 2486 cedente,
396 2397 418 2462 i.
440 2416 467 2458 e.
488 2373 631 2458 felicitate
650 2395 800 2476 restituta,
821 2389 875 2456 sed
896 2389 936 2454 de
955 2391 1128 2456 infortunio
1149 2391 1289 2454 felicite-

221 2529 301 2580 .tem
322 2522 509 2604 excipiente.
558 2513 724 2584 Felicitatis
753 2515 905 2576 restitutio
934 2513 1075 2580 versibus
1096 2521 1288 2582 remotiori·-

234 2638 292 2704 bus
312 2653 467 2726 narratur,
488 2637 543 2702 sed
564 2627 654 2703 antea
676 2639 780 2706 verbis
802 2635 886 2702 houd
902 2632 1082 2703 edmoddm
1102 2643 1208 2726 prucis
1225 2663 1287 2706 ca-

232 2762 356 2828 lamitas
381 2765 416 2828 in
438 2759 639 2848 Oedipodem
660 2759 803 2847 filiosque
823 2766 967 2828 irruens.
1018 2763 1185 2832 Postremo
1211 2787 1285 2830 ποι-

232 2881 446 2975 λιντράπελος
473 2883 553 2947 mihi
580 2884 762 2971 simpticitcr
786 2899 845 2973 est,
875 2889 929 2972 qni
955 2897 1042 2950 retro
1069 2885 1285 2966 convertitur,

230 2995 365 3099 reoque·
393 3009 488 3094 πῆμα
509 3002 774 3096 παλιντράπελον
794 3011 932 3098 maron,
965 2983 1051 3096 quoe
1071 3009 1113 3072 ab
1140 3007 1206 3070 aro
1235 3008 1286 3070 aa

230 3129 333 3194 olium
354 3131 481 3204 transit,
502 3121 665 3222 opimior,
693 3135 715 3200 i.
738 3153 765 3197 e.
787 3133 826 3196 ab
847 3133 915 3202 eliis
934 3133 1116 3197 hominibus
1137 3129 1178 3194 ad
1198 3128 1282 3194 Lat-

211 3269 287 3316 ·um
311 3251 439 3340 ejusque
465 3229 635 3347 familiaris.
690 3253 753 3320 Sed
776 3262 895 3342 poteris
921 3279 1048 3344 quoque
1074 3261 1282 3344 prepositio-

204 3355 305 3438 ⁸nem
325 3370 425 3440 πάλιν
444 3381 574 3462 proprie
594 3365 782 3470 intelligere,
812 3403 885 3444 cum
906 3393 977 3467 post
996 3384 1139 3466 primum
1160 3375 1281 3443 Cadmi

211 3491 428 3582 'filiarumque
446 3500 655 3566 infortunium
675 3517 818 3590 tempore
838 3505 1001 3589 interjecto
1023 3501 1156 3568 eandem
1176 3501 1279 3566 ferui-

224 3617 303 3684 liam
325 3619 469 3712 (Laium,
492 3623 693 3710 Oedipodem
714 3624 858 3711 filiosque
878 3627 959 3709 ejus)
981 3625 1190 3690 infortunium
1212 3623 1275 3688 de-

223 3752 290 3806 nuo
304 3743 464 3826 afflixerit;
485 3744 746 3831 παλιντράπελος
762 3752 866 3834 itaque
880 3755 939 3816 erit
952 3771 1012 3837 pro
1027 3745 1137 3829 πάλιν,
1159 3757 1195 3810 ut
1206 3769 1275 3812 πα·

208 3861 376 3956 ’λίνοροος
404 3867 487 3953 apud
507 3868 735 3955 Empedoclem
756 3869 919 3959 (Peyron.
942 3893 1014 3958 pag.
1036 3879 1075 3950 27
1087 3873 1121 3956 ):
1151 3865 1275 3958 Αὐτὰρ

136 4046 139 4060 ,
225 3983 288 4074 ἐγὼ
317 3989 516 4080 ππλίνορσοξ
537 3985 712 4076 ἐλεύσομαι
738 3995 771 4072 ἐς
792 3991 896 4088 πόρον
917 3987 1039 4086 {ipsust
1061 4029 1103 4046 -ι-
1144 3993 1273 4058 Deinde

188 4101 194 4124 ⁸
221 4105 325 4205 ἄλλῳ
349 4109 477 4253 χρὸρρ
506 4113 569 4178 loci
594 4119 784 4189 sententioso
813 4121 912 4190 colori
939 4127 1060 4209 optime
1085 4090 1270 4208 respondet,

1154 4265 1230 4315 cum
