2648 4650
278 239 349 330 35⁶
529 199 1011 318 oncuntouttcni
1056 195 1093 300 o·

278 391 387 509 Suppl.
416 441 450 486 v.
481 423 559 484 893:
595 411 681 494 Τοὺς
710 418 944 500 μετοικοῦντας
965 415 1086 498 ξένους.
1130 415 1254 485 Heracl.
1273 443 1307 488 v.

282 549 375 610 1028:
398 543 564 616 Μέτοικος
586 535 648 606 aiat
661 539 815 628 κείσομαι
835 539 922 610 κατὰ
938 532 1231 627 χθονός-ὥστ’
1249 543 1305 630 ίμ-

277 693 405 761 φροκι
428 667 564 747 δεῖξαι
583 659 1010 754 μαθεῖνΠστρόκλον
1030 659 1191 748 βιατὰν
1213 660 1304 732 νόον

235 835 241 861 t
273 787 321 878 γ’.
363 790 508 856 Btickhio
528 791 619 874 βμετ.
640 781 720 854 νόον
740 800 787 850 est
806 787 1025 874 subjectnmet
1044 787 1147 868 δεῖξαι
1167 791 1305 874 pro-‹lai-

275 913 329 995 ξαι
350 908 481 994 ἑαυτόν,
503 913 575 979 coll.
595 911 777 980 Schneider.
797 912 835 975 L
856 935 903 998 gr.
918 937 951 978 v.
966 913 1129 997 δείκνυμιτ
1152 887 1303 994 ,Ἔδετξτεν

273 1031 381 1118 ὄντες,
413 1041 459 1100 sie
487 1041 622 1124 zeigten,
652 1037 720 1102 dass
747 1042 790 1104 sie
818 1033 961 1126 seyen“.
1009 1037 1139 1100 Verum
1168 1031 1301 1118 δείκνυμι

272 1161 384 1226 eorum
412 1159 586 1226 verborum
614 1175 677 1247 est,
710 1183 804 1248 „quae
833 1183 907 1228 cum
921 1165 1137 1264 Qnominativo
1158 1159 1302 1243 participii

271 1288 525 1370 conjunguntur,
557 1289 601 1348 ita
627 1297 662 1347 ut
689 1289 889 1370 participium
908 1284 949 1348 de
970 1283 1083 1350 eadem
1103 1301 1238 1367 persona
1255 1285 1300 1341 in-

245 1397 247 1414 ’
269 1409 437 1498 telligatur,
458 1409 497 1483 de
516 1431 581 1510 gua
603 1405 769 1474 verbum.“
793 1409 909 1475 Herm.
927 1381 970 1472 ad
991 1409 1068 1492 vig.
1089 1428 1123 1491 p.
1136 1411 1218 1488 771„
1237 1399 1298 1464 coll.

267 1529 384 1595 ibidem
406 1531 573 1618 exemplis.
616 1533 665 1598 Ita
686 1527 802 1598 ἑαυτὸν
824 1529 908 1616 apud
928 1529 1105 1594 Pindarum
1122 1549 1186 1614 per
1205 1547 1237 1590 se
1253 1524 1297 1586 lo-

266 1675 340 1719 cum
360 1654 476 1720 haltere
497 1670 563 1720 non
583 1669 724 1742 poterat.
766 1607 956 1742 'aitftstabit5
994 1675 1032 1718 ex
1053 1645 1297 1716 antecedentibus

165 1849 168 1856 ,
267 1772 369 1845 αὐτόν
391 1777 623 1864 (Patroclum)
646 1795 804 1864 repetere.
846 1779 920 1844 Hoc
948 1775 1078 1863 quidem
1098 1779 1135 1838 in
1155 1775 1295 1836 sententia

263 1906 332 1987 ipsu
352 1922 533 1987 expressum
555 1913 617 1988 est,
653 1903 708 1966 sed
729 1922 766 1966 ex
787 1900 999 1986 meoiudicio
1021 1897 1215 1984 emphatice,
1244 1917 1295 1980 pru

264 2019 423 2103 ἑαυτόν,
445 2046 470 2086 s.
493 2024 642 2086 uirtutem
663 2047 776 2086 suum
794 2024 973 2109 ingentem.
1003 2021 1125 2086 Scilicet
1148 2019 1293 2106 cogitandi

181 2163 185 2170 “
263 2161 336 2210 sunt
356 2145 583 2238 ἔμφρονες,
606 2145 734 2208 uirtutis
750 2121 931 2208 Patrocleoe
950 2156 1052 2226 testes,
1073 2145 1189 2232 quibus
1210 2145 1292 2222 liujus

255 2269 388 2350 juvenis
410 2265 609 2360 ἀριστεία
630 2291 663 2330 se
674 2267 855 2356 probabat.
907 2267 986 2330 Jam
1007 2289 1049 2330 ne
1071 2269 1141 2351 quis
1164 2289 1222 2330 usu
1241 2287 1293 2326 ve-

259 2401 363 2454 terum
385 2415 438 2456 me
459 2391 642 2457 destituttun
663 2410 700 2453 ea
720 2387 863 2474 proferre
884 2402 981 2476 putet,
1004 2409 1165 2476 apponam
1179 2388 1292 2452 Platon.

262 2509 340 2578 Crit.
361 2535 388 2578 c.
413 2521 447 2580 15
471 2515 576 2602 (Opp.
597 2513 646 2578 ed.
668 2511 773 2599 Steph.
794 2534 826 2598 p.
849 2513 916 2596 5³),
931 2511 986 2576 ubi
1006 2511 1106 2598 Leges
1129 2512 1169 2574 ad
1190 2511 1289 2577 Socra-

230 2644 232 2653 *
260 2648 342 2698 tem:
361 2633 512 2728 Καὶοόκ
535 2641 605 2720 οἴει,
627 2633 779 2724 ἄσχημον
800 2633 844 2704 ἂν
865 2641 1056 2731 φανεῖσθαι
1076 2635 1115 2704 τό
1137 2641 1197 2706 τοῦ
1215 2640 1289 2706 Σω-

260 2753 400 2846 κράτους
421 2759 574 2849 προῖχμοι,
596 2761 662 2826 scil.
682 2775 773 2826 tuum
791 2760 954 2824 Socratis.
998 2758 1119 2825 Similia
1133 2761 1289 2828 hebraico-
1312 2751 1313 2764 ¹

259 2901 333 2944 rum
353 2886 447 2968 periti
475 2895 640 2966 notarunt,
671 2881 742 2946 coll.
763 2879 862 2945 Storr.
884 2878 1033 2950 observv.
1056 2885 1097 2948 ad
1119 2889 1286 2976 analogiam
1311 2939 1312 2950 ,

260 3018 318 3070 etc.
338 3027 371 3091 p.
393 3011 454 3076 tot
468 3027 514 3092 sq.
555 3005 617 3070 His
638 3009 801 3090 expositis,
839 3003 925 3068 idem
952 3007 1019 3091 jam
1048 3007 1146 3076 schol.
1160 2993 1232 3076 aec.
1259 3035 1287 3078 u.

162 3151 166 3161 ·
191 3107 198 3114 ’
234 3223 238 3230 Ι
264 3135 335 3194 101.
354 3129 506 3216 placuisse
527 3128 640 3197 video:
662 3120 765 3194 Ὥστε
786 3128 888 3210 δεῖξαι
910 3121 1037 3208 αὐτὸς
1058 3125 1076 3196 ό
1098 3128 1285 3224 Πάτροκλος
1310 3195 1311 3198 ,

258 3253 306 3344 τῷ
328 3253 479 3344 φρονίμῳ
501 3255 628 3337 μαθεῖν
649 3250 707 3318 τόν
728 3251 787 3318 νῦν
808 3249 868 3318 τοῦ
887 3249 1104 3344 Πατρόκλου,
1134 3245 1209 3324 ἀντὶ
1233 3259 1285 3324 τοῦ

197 3391 201 3400 ·
255 3372 314 3440 τόν
330 3376 457 3442 ἑαυτοῦ.
486 3377 603 3443 Veuv.
615 3383 671 3440 113
682 3401 690 3442 t
702 3367 806 3442 Ὥστε
821 3371 1283 3476 παροστῆσαοτῷφρονίμρ,ᾗ
1309 3367 1310 3433 l

255 3499 408 3587 ἐκέχρητο
418 3491 553 3589 ἆνδρείρ
564 3491 801 3587 όΠότροκλος.
830 3499 971 3566 Ibidems
987 3492 1090 3570 Ὥστε
1102 3502 1282 3590 χνῶναιτόν

255 3621 418 3716 ἔμφρονα,
428 3613 480 3687 ὅτε
488 3625 637 3706 γενναῖος
645 3607 935 3714 ἦνόΠοίτροκλος.
969 3625 1067 3690 Ibide
1092 3619 1202 3708 θὶίτως
1212 3627 1279 3711 ἔστη

253 3742 355 3833 μόνος
370 3737 443 3832 όίμσ
460 3744 507 3835 τῷ
515 3737 661 3830 Ἀχιλλεῖ,
675 3735 759 3811 ὥστε
775 3737 1015 3818 δυνατὸνεῖναι
1030 3745 1138 3846 (αὐτῷ
1146 3753 1178 3840 i)
1191 3755 1280 3836 δεῖξαι

173 3914 180 3940 ,
252 3871 352 3934 παντὶ
374 3867 527 3961 φρονίμῳ
548 3865 631 3958 πρὸς
652 3868 691 3937 τό
712 3871 837 3956 γνῶναι
857 3869 918 3955 τὴν
939 3872 1001 3940 ινδ
1016 3870 1217 3964 Πατρόκλου
1236 3879 1280 3942 iul

252 3990 292 4080 τῇ
313 3985 447 4083 ἀνδρείᾳ
468 3989 621 4062 διάνοιάν
642 4021 676 4062 τε
697 4001 753 4062 καί
775 3995 922 4080 σπουδὴν
943 4001 1001 4066 καὶ
1020 3995 1165 4090 θάρσος.
1193 3999 1278 4064 Ratio
1306 4069 1307 4099 χ

200 4115 208 4122 “
250 4109 351 4180 Biick.
373 4119 472 4181 inesse
485 4117 610 4186 videtur
622 4117 739 4184 scholio
761 4119 882 4186 eidem:
896 4113 998 4190 Ὥστε
1010 4117 1278 4214 ποντίᾶνδρόσμ
