2662 4648
272 249 321 324 34
396 224 399 235 ¹
520 199 988 293 onrnntourttat
1037 209 1075 302 tf
1130 197 1132 202 ’

272 387 334 474 sed
356 415 401 468 est
423 403 493 492 alia,
515 411 586 486 quae
607 395 701 459 habet
720 379 836 456 mullos
856 395 1126 478 propugnatores,
1148 415 1231 478 quos
1255 397 1317 462 siut

272 497 391 590 meusne
417 523 522 585 herois
541 517 750 600 Deornmque
769 514 933 594 secundae,
961 515 1029 578 slve
1057 515 1169 582 frustra
1191 516 1317 604 Pelopi¹

272 645 330 709 sub
361 628 468 724 finem
501 636 766 700 'comminationis
795 639 935 722 apposita
964 633 1137 700 oll'endere'
1155 653 1309 724 poterant

273 768 320 832 Hi
342 763 490 832 voculam
520 753 609 852 ἀμφὶ
634 755 854 824 adverbialiter
875 758 915 822 ad
943 751 1139 826 διεδάσαντο
1169 761 1317 848 referunt

272 901 307 951 ut
328 879 533 958 Hermunnus
555 882 576 946 l.
598 883 649 943 cit.
676 896 749 969 pag.
770 888 861 970 278„
890 881 920 946 et
950 879 1146 970 conjungunt
1176 879 1317 950 δεύτατα

271 1011 383 1103 κρεῶν,
405 1004 632 1084 extremitates,
653 1019 741 1094 pum,
769 1005 913 1090 corporis
932 1003 1094 1094 infrusta
1115 967 1260 1092 dissecti,
1289 1029 1317 1076 ut

269 1149 392 1198 taceam
414 1131 452 1194 de
473 1129 543 1192 aliis
563 1127 802 1194 tentaminihus.
848 1125 910 1192 Sed
932 1128 1095 1214 quomodo
1117 1131 1156 1194 ad
1178 1155 1253 1196 rem
1274 1135 1317 1196 fa-

268 1257 356 1319 ciunt
377 1257 588 1318 extremitates
609 1255 777 1340 corporis?
820 1249 939 1316 Nonne
960 1254 1076 1330 lactum
1098 1241 1244 1320 immane
1261 1256 1290 1318 's
1304 1293 1317 1304 -

270 1377 483 1477 cillimebintle
505 1377 727 1466 detegebatur?
769 1376 908 1440 Minime
928 1345 1018 1464 vero,
1051 1381 1077 1441 si
1099 1375 1231 1464 quidem
1254 1381 1317 1442 istae

267 1497 349 1564 bene
376 1514 527 1586 cauteque
549 1514 646 1586 “erant
675 1501 740 1568 vel'
757 1501 914 1590 dissectae,
943 1503 996 1570 vel
1025 1513 1199 1590 apparata,
1233 1500 1317 1584 qood

264 1621 382 1686 facttrm
411 1636 530 1688 constat
552 1629 586 1688 in
607 1623 675 1688 aliis
689 1623 838 1708 ejusdem
862 1623 992 1688 tantitae
1017 1624 1117 1710 epulis
1138 1621 1317 1711 anthropo-

201 1731 204 1738 ⁴
262 1719 416 1833 'phagieiq
437 1747 502 1810 scil.
524 1747 706 1840 Thyesteis.
758 1743 911 1834 Corporis
930 1761 1037 1812 autern
1057 1747 1191 1812 humani
1213 1761 1317 1810 extre·

264 1874 413 1965 mitulos,¹
435 1883 466 1933 et
495 1869 626 1954 quidem
652 1883 755 1957 partes
784 1871 936 1958 quasdam
956 1893 1112 1936 manuum
1133 1867 1317 1957 pedumque

263 2012 283 2057 a
309 1993 434 2082 populis
464 1991 652 2080 quibusdam
680 1992 889 2083 immanibus,
918 2015 997 2080 quos
1026 1975 1316 2082 Antluopopliagos

143 2135 160 2216 ἢ·
264 2131 398 2203 vocant,
427 2120 462 2180 in
483 2120 635 2212 mammis
654 2118 771 2182 deliciis
793 2123 973 2210 etiamnunc
994 2117 1121 2204 haberi,
1150 2129 1227 2180 nota
1249 2137 1313 2180 res.

260 2239 350 2312 vide
366 2235 512 2326 inprimis
526 2238 727 2328 Langsdorlii
740 2239 873 2306 librum:
894 2241 1023 2306 Reise
1038 2263 1102 2304 um
1119 2239 1183 2306 die
1198 2227 1312 2306 Welt

262 2377 326 2430 etc.
361 2331 465 2434 'Tem
486 2364 514 2430 Ι.
535 2387 567 2449 p.
593 2373 662 2430 122.
679 2387 747 2452 sqq.
768 2369 803 2430 in
823 2367 981 2430 excursu.
1001 2444 1003 2458 Ι
1024 2365 1203 2430 Historiam
1226 2366 1310 2426 enim

174 2539 182 2558 ,
211 2476 214 2490 ’
262 2485 588 2576 anthropophagicant
599 2493 734 2574 narrari,
748 2487 829 2552 mihi
843 2497 1027 2574 persuasum
1041 2497 1096 2552 est.
1117 2485 1189 2553 coll.
1203 2486 1311 2549 Noun.

255 2609 400 2698 Dionys.
420 2607 554 2696 xvtlt,
580 2615 744 2700 18-35.,
760 2605 819 2696 ‚unt
841 2608 972 2700 Lycaon
1001 2605 1104 2676 lilium
1126 2631 1221 2674 suum
1243 2608 1309 2670 Diis

259 2731 494 2795 comedendum
524 2751 687 2820 apponens
718 2751 918 2824 comparatur
952 2757 1025 2800 cnm
1055 2731 1190 2800 Tantalo
1225 2731 1308 2796 idem

259 2855 405 2936 faciente3
431 2871 489 2920 nec
510 2857 591 2944 facit,
613 2873 647 2924 ut
668 2863 855 2924 seutentiam
876 2873 1008 2946 mutem,
1029 2856 1084 2922 Fr.
1097 2854 1307 2938 Thierschius‚

258 2985 314 3068 qui
334 2983 449 3048 similia
470 3007 508 3048 ex
522 2981 713 3052 Graecorum
725 2981 1024 3072 Aegyptiorumque
1044 2981 1244 3070 mythologie
1257 2981 1313 3061 in-3

257 3107 386 3192 geuiose
398 3105 542 3191 eliciens,
556 3107 801 3192 reconditiorent
813 3115 847 3172 in
859 3107 917 3174 hac
929 3107 1043 3172 fabella
1054 3127 1183 3170 sensum
1192 3102 1305 3186 depre-

257 3223 396 3290 hendere
418 3226 477 3290 sibi
499 3230 639 3296 videtur.
684 3231 797 3296 Tretza
819 3233 857 3298 de
879 3233 997 3318 Pelope
1019 3241 1157 3320 aegroto,
1187 3235 1312 3312 perque

256 3349 445 3438 Neptunum
454 3351 577 3418 roboris
587 3355 756 3440 praesidem
764 3363 906 3422 restituto
916 3359 1041 3442 cogitat,
1054 3352 1095 3416 ad
1102 3347 1311 3438 Lycophmt.)

259 3479 327 3540 152.
350 3481 400 3539 53.
426 3475 556 3540 Miiller.
578 3499 650 3564 pag.
672 3485 734 3546 410
748 3487 882 3547 -stl2.
917 3468 1000 3542 ‘Nec
1021 3497 1100 3544 uero
1121 3471 1176 3539 vel
1204 3469 1301 3532 hoca

251 3591 315 3678 loci
328 3599 528 3684 simplicitate
540 3613 606 3664 non
622 3603 762 3666 alienum
774 3615 835 3667 est.
847 3639 890 3656 -
910 3625 962 3685 yn
972 3626 991 3676 ς
1000 3624 1018 3684 ρ
1028 3597 1039 3664 l
1045 3621 1128 3686 μορ
1138 3597 1211 3682 Ιγον
1231 3615 1299 3680 μα·

252 3706 388 3808 quorun
410 3715 486 3786 τιν’
511 3719 652 3788 εἰπεῖν.
696 3721 801 3788 Seltol.
814 3735 878 3789 vet.
901 3721 941 3786 ad
964 3745 996 3790 v.
1019 3727 1059 3788 36
1074 3741 1158 3806 sqq.=
1181 3711 1298 3794 Μάνην

251 3815 288 3911 la
308 3841 369 3926 τὴν
391 3839 573 3938 Δήμητραν
601 3847 666 3914 τῶν
687 3845 789 3936 κρεῶν
817 3836 938 3938 ἀγνοίᾳ
959 3845 1157 3940 μεταλαβεῖν
1177 3841 1308 3923 λέγοσαν

153 3953 160 3988 ”
250 3975 337 4045 τινὲς
359 3971 393 4036 δὲ
416 3929 476 4052 Ιτὴν
500 3975 631 4040 (aaut...
677 3967 736 4030 Illa
758 3967 898 4054 vulgaris
919 3973 1070 4054 narratiO,
1091 3985 1187 4052 quam
1209 3959 1296 4024 exhi·

247 4089 301 4157 bet
322 4113 447 4180 quoque
462 4096 573 4164 Noun.
585 4097 731 4180 Dionys.¹
739 4087 873 4179 XVIII,
893 4101 947 4158 27.
960 4114 992 4160 v.
1004 4113 1100 4178 supra
1119 4069 1307 4189 μονα-Ι

1292 4407 1305 4616 g
