2734 4646
499 65 515 104 b

254 188 326 278 ⁶42
532 173 905 250 ursmarum
955 174 988 242 r
1042 265 1046 273 x

250 383 305 430 eos
324 364 414 447 juvat
432 356 548 425 Isthm.
568 357 615 445 V,
636 365 677 425 72
693 377 763 444 sqq.
803 353 856 424 Ibi
876 358 975 446 enim,
996 355 1052 444 qui
1069 355 1227 447 loqiti'tiu,
1245 361 1297 424 in-
1347 367 1348 426 1

248 485 429 573 terpellatus
449 481 508 571 his,
529 499 601 568 quae
618 492 790 546 narrantur
811 503 845 550 vr
867 488 919 549 72.
935 487 999 567 ts,
1019 486 1134 570 pergit,
1155 485 1300 568 primum
1347 451 1348 488 ί

248 617 319 683 strio
339 615 513 699 recitativo,
535 607 649 674 deinde
669 607 813 696 relativo,
833 604 901 672 fere
920 619 957 685 ut
975 609 1078 674 nbstri
1098 607 1250 672 carminis
1266 625 1301 672 r.

248 739 292 808 24
311 755 396 826 sqq.;
425 747 499 823 post
525 753 597 826 quae
625 734 715 802 venit
740 708 820 796 illud
848 723 891 809 ίίς
921 716 990 822 ἆρα
1019 725 1130 797 sinric.
1198 725 1299 794 ‘orde
1347 715 1348 748 ί

246 859 383 929 eandem
403 879 470 924 esse
489 875 678 944 personam.
730 853 775 918 At
794 861 904 933 nostro
925 852 1016 941 loco,
1035 855 1062 918 si
1082 853 1300 920 novationem

132 1003 134 1007 ’
245 987 454 1074 amplectaris,
473 976 684 1068 noneadem,
705 999 777 1065 qum
797 983 870 1044 ante
890 973 998 1040 locuta
1018 987 1082 1063 est,
1109 973 1201 1062 loqui
1221 997 1300 1064 per-

245 1111 301 1202 git,
321 1111 376 1180 sed
396 1111 492 1196 alius,
521 1103 698 1193 Pindarus,
726 1107 781 1192 qui
801 1103 930 1170 oraculo
950 1101 1083 1169 Battum
1107 1103 1298 1172 ohsenuum

243 1369 293 1424 tus
313 1359 426 1445 aliquis
445 1359 618 1422 narrationi
639 1354 718 1419 alius
733 1351 932 1440 adspergere,
952 1365 1063 1418 auctor
1082 1374 1164 1422 vero
1185 1323 1297 1444 ῥοαί.

242 1499 298 1548 ous
318 1483 471 1569 orationi,
501 1496 564 1568 qun
589 1491 733 1545 utentem
760 1475 923 1566 quendam
951 1475 1034 1566 facit,
1061 1479 1208 1548 merere
1228 1505 1295 1549 non

242 1607 332 1671 aliter
363 1609 424 1671 nisi
451 1603 567 1670 insulse
593 1611 711 1692 potest
775 1600 860 1666 nee
890 1599 1056 1684 hactenus3
1093 1617 1125 1668 et
1153 1605 1293 1694 gaudeo,

241 1713 462 1796 Tbierschium
482 1749 501 1792 a
522 1747 601 1794 vera
619 1725 754 1792 lectione
779 1745 847 1790 non
867 1724 1018 1816 descisse,
1044 1725 1233 1792 Boethium
1253 1729 1295 1796 ad

242 1875 315 1921 eam
335 1854 454 1919 redisse
474 1851 524 1917 ed.
543 1849 590 1916 ΙΙ.
609 1889 653 1903 -
672 1845 886 1918 νάεσσι..
876 1843 1096 1937 .οίγοιγείν.
1149 1805 1294 1920 Edsdesn

239 2004 335 2053 voces
355 1989 487 2068 iungent
506 1979 636 2066 quidam
657 1973 753 2065 Pytb.
775 1977 820 2062 V,
836 1981 905 2041 117.
925 1979 960 2040 in
981 1975 1092 2040 eadem
1112 1998 1176 2064 re,
1182 1993 1291 2046 metro

127 2194 138 2216 l
240 2108 462 2206 obsequentes,
495 2099 582 2189 quod
609 2103 700 2188 jungi
723 2097 825 2186 jubet,
856 2117 927 2184 qnae
956 2111 1030 2162 sunt
1048 2098 1194 2186 ejusdem
1216 2101 1291 2170 στὶ.

235 2243 327 2322 your.
356 2267 399 2282 -
425 2227 600 2296 Νείλοιο
629 2217 733 2316 πρὸς
761 2220 1054 2316 πῖονιτέμενος
1073 2223 1290 2314 Κρονίδα.

237 2353 309 2418 Mo·
326 2354 370 2418 od
387 2351 543 2438 pinguem
565 2347 670 2450 sedem
698 2345 873 2429 cronium,
903 2349 925 2414 i.
953 2368 980 2410 e.
1008 2345 1176 2435 Libyam,
1213 2350 1290 2416 ooli.

236 2474 388 2542 sebois.
413 2473 464 2542 97.
517 2465 620 2559 Supra
646 2493 680 2540 v.
708 2475 761 2554 28·
788 2471 911 2540 Jovem
939 2472 1139 2540 Ammonem
1166 2475 1289 2568 Libyae

17 2637 22 2650 ·
111 2583 115 2592 ’
155 2591 170 2604 “
238 2599 407 2664 dominum
428 2597 514 2686 dixit,
534 2595 567 2662 h.
589 2595 611 2661 l.
630 2595 763 2662 Nilum.
813 2595 912 2688 Quod
931 2619 999 2663 non
1024 2598 1085 2664 sibi
1098 2600 1288 2689 repugnat.

234 2721 386 2808 Princeps
406 2720 523 2784 Africae
542 2717 664 2786 Graecis
684 2731 770 2786 notae
790 2717 907 2788 fluvius
926 2715 1035 2812 Nilus,
1068 2723 1155 2790 unda
1175 2731 1287 2790 conti·

233 2849 338 2914 nentis
357 2844 497 2932 ejusdem
518 2841 665 2907 dominus
686 2823 863 2930 geniusque¹
879 2842 1069 2936 (Κρονίδης,
1091 2852 1157 2915 ie.
1180 2837 1284 2928 Ζεὺς)
1350 2899 1351 2918 .

214 2979 316 3038 *recte
344 2969 456 3034 dicitur
484 2965 588 3052 (Opp.
618 2963 742 3054 Cyneg.
768 2964 815 3054 II,
832 2966 921 3035 ’1471
945 2961 1004 3034 Ἕκ
1029 2965 1163 3054 Λιβύης
1190 2969 1284 3064 ἱερὸν

232 3092 313 3187 ῥόον
324 3088 536 3182 Αἰμίπτοιο),
559 3105 753 3180 quamquam
774 3096 902 3180 proprie
913 3092 1056 3184 Aegypti
1077 3099 1280 3186 geniminis,

183 3229 196 3248 ⁸
231 3211 303 3286 ooli.
333 3217 442 3286 schoil.
470 3239 504 3286 v.
534 3225 585 3286 97.
618 3215 724 3304 ibique
739 3215 971 3284 Parmenone:
1006 3214 1171 3306 Αἰγύπτιε
1199 3223 1279 3308 Ζεῦ,
1350 3239 1351 3250 ’

229 3341 338 3412 Νεῖλε.
380 3343 528 3432 Hedylus
556 3343 687 3410 Anthol.
715 3341 816 3408 Palat.
843 3339 884 3408 Τ.
912 3339 958 3408 Π.
978 3364 1011 3429 p.
1034 3347 1106 3414 764.
1128 3369 1186 3434 ep..
1197 3369 1275 3428 m,

229 3473 247 3537 7
258 3491 267 3534 ε
289 3471 407 3548 Νεῖλος
428 3463 523 3550 ίίναξ.
564 3466 779 3556 Aegyptiique
799 3487 874 3530 eum
893 3487 961 3534 non
981 3466 1072 3534 aliter
1090 3475 1273 3558 principem

227 3589 405 3686 fluviorum
431 3591 552 3678 dixere,
584 3573 682 3678 quam
698 3587 818 3656 'Graeci
837 3587 1034 3680 Acheloum,
1061 3593 1134 3661 coil.
1156 3592 1271 3664 Creuz.

228 3713 369 3804 Mytbol.
387 3713 446 3778 Ed
467 3713 511 3780 IL
532 3713 573 3792 Τ.
592 3714 655 3802 IV.
674 3735 709 3800 p.
731 3715 800 3784 156.
840 3713 920 3780 Jam
940 3690 1059 3782 Noster
1078 3717 1161 3786 Jovi
1181 3740 1266 3806 qno-

227 3863 289 3928 que
304 3839 466 3926 Aegyptio
487 3835 596 3922 (Nilo)
618 3835 845 3926 Ganymedem
857 3837 974 3928 tribuit,
1001 3843 1092 3925 quasi
1111 3841 1264 3947 pocrdum

227 3963 358 4028 domino
388 3962 636 4047 ministrantem,
665 3964 696 4026 i.-
699 3983 737 4026 ..e
759 3963 959 4026 incrementis
979 3959 1071 4027 fluvii
1090 3963 1264 4050 praesida-

225 4099 310 4151 tem.
352 4077 951 4172 V.Fragm.mc.xc(1{eyne111‘‚
975 4091 1043 4150 125.
1084 4085 1261 4176 Boeben,
